@article{software-evolution,
author = {A. Di Stefano and G. Pappalardo and E. Tramontana},
title = {An infrastructure for runtime evolution of software systems},
journal ={Computers and Communications, IEEE Symposium on},
volume = 2,
year = 2004,
isbn = {0-7803-8623-X},
pages = {1129-1135},
doi = {http://doi.ieeecomputersociety.org/10.1109/ISCC.2004.1358691},
publisher = {IEEE Computer Society},
address = {Los Alamitos, CA, USA},
}