

@inproceedings{ginseng,
title="Practical Dynamic Software Updating for C",
author="Iulian Neamtiu and Michael Hicks and Gareth Stoyle",
url="http://www.cs.umd.edu/~neamtiu/pubs/pldi06neamtiu.pdf",
year="2006",
booktitle="Proceedings of the ACM Conference on Programming Languages Design and Implementation",
pages="72--83"
}

@inproceedings{polus,
 author = {Chen, Haibo and Yu, Jie and Chen, Rong and Zang, Binyu and Yew, Pen-Chung},
 title = {POLUS: A POwerful Live Updating System},
 booktitle = {ICSE '07: Proceedings of the 29th international conference on Software Engineering},
 year = {2007},
 isbn = {0-7695-2828-7},
 pages = {271--281},
 doi = {http://dx.doi.org/10.1109/ICSE.2007.65},
 publisher = {IEEE Computer Society},
 address = {Washington, DC, USA},
 }

@inproceedings{ksplice,
 author = {Arnold, Jeff and Kaashoek, M. Frans},
 title = {Ksplice: automatic rebootless kernel updates},
 booktitle = {EuroSys '09: Proceedings of the 4th ACM European conference on Computer systems},
 year = {2009},
 isbn = {978-1-60558-482-9},
 pages = {187--198},
 location = {Nuremberg, Germany},
 doi = {http://doi.acm.org/10.1145/1519065.1519085},
 publisher = {ACM},
 address = {New York, NY, USA},
 }

@Misc{ginseng-manual,
  title ="Ginseng User's Guide",
  howpublished="\url{http://www.cs.umd.edu/projects/PL/dsu/software.shtml}",
  note="Contained in source distribution from the web page",
  author="Iulian Neamtiu",
  year="2009"
}


@misc{eresi,
 title="The ERESI Reverse Engineering Software Interface",
 howpublished="\url{http://www.eresi-project.org/}",
 author="Julien Vanegue and Julio Auto de Medeiros and Eric Bisolfati and Anthony Desnos and Thiago Figueredo and Thomas Garnier and Rafal Lesniak and Jesus Palencia and Sebastien Roy and Sebastien Soudan and Mariusz Woloszyn and Adam Zabrocki"
 }

